@book{carmack,
	title = {John Carmack blog on Quake networking},
	note = {\url{fabiensanglard.net/quakeSource/johnc-log.aug.htm}},
	year = {Accessed 11.10.16},
	author = {Carmack, John},
	publisher = {}
}
@misc{vulkan,
	title = {Vulkan},
	howpublished = {\url{https://www.khronos.org/vulkan/}},
	note = {Accessed: 27.11.16}
}
@book{vulkanArch,
	note = {\url{www.vis.uni-stuttgart.de/plain/seminare/computerspiele/latency.pdf}},
	year = {Accessed 27.11.16},
	title = {Graphics and Compute Belong Together},
	author = {Kronos Group},
	publisher = {}
}
@book{Overvoorde,
	title = {Vulkan Tutorial},
	note = {\url{https://vulkan-tutorial.com/}},
	year = {Accessed 27.11.16},
	author = {Overvoorde, Alexander},
	publisher = {}
}
@misc{glfw,
	title = {GLFW},
	howpublished = {\url{http://www.glfw.org/}},
	note = {Accessed: 27.11.16}
}
@book{Bhalerao,
	note = {\url{http://www2.warwick.ac.uk/fac/sci/dcs/teaching/material/cs324/labs.pdf}},
	year = {Accessed 27.11.16},
	title = {CS324 Computer Graphics - OpenGL Labs},
	author = {Bhalerao, Abhir},
	publisher = {}
}
@misc{GLUT,
	title = {GLUT},
	howpublished = {\url{https://www.opengl.org/resources/libraries/glut/}},
	note = {Accessed: 27.11.16}
}
@misc{fiedlerInteg,
	title = {Integration Basics},
	howpublished = {\url{http://gafferongames.com/game-physics/integration-basics/}},
	note = {Accessed: 27.11.16},
	author = {Fiedler, Glenn}
}
@misc{wolframRK4,
	title = {Runge-Kutta Method},
	howpublished = {\url{http://mathworld.wolfram.com/Runge-KuttaMethod.html}},
	note = {Accessed: 27.11.16},
	author = {Weisstein, Eric W.}
}
@misc{fiedlerTimestep,
	title = {Fix Your Timestep!},
	howpublished = {\url{http://gafferongames.com/game-physics/fix-your-timestep/}},
	note = {Accessed: 27.11.16},
	author = {Fiedler, Glenn}
}
@misc{Petersen,
	title = {Broad Phase Collision Detection Using Spatial Partitioning},
	howpublished = {\url{http://buildnewgames.com/broad-phase-collision-detection/}},
	note = {Accessed: 27.11.16},
	author = {Petersen, Andrew}
}
@misc{Nielsen,
	title = {Response Times: The 3 Important Limits},
	howpublished = {\url{https://www.nngroup.com/articles/response-times-3-important-limits/}},
	note = {Accessed: 27.11.16},
	author = {Nielsen, Jakob}
}
@misc{haskellWiki,
	title = {Functional programming},
	howpublished = {\url{https://wiki.haskell.org/Functional_programming}},
	note = {Accessed: 27.11.16}
}
