@book{Bernier,
	note = {\url{www.vis.uni-stuttgart.de/plain/seminare/computerspiele/latency.pdf}},
	year = {Accessed 11.10.16},
	title = {Latency Compensating Methods in Client/Server In-game Protocol Design and Optimization},
	author = {Yawn W. Bernier},
	publisher = {}
}
@misc{ZeroMQ,
	title = {{ZeroMQ}},
	howpublished = {\url{zeromq.org}},
	note = {Accessed: 10.10.16}
}
@misc{Go,
	title = {{Go}},
	howpublished = {\url{golang.org}},
	note = {Accessed: 11.10.16}
}
@misc{volvoSource,
	title = {Source Multiplayer Networking},
	howpublished = {\url{https://developer.valvesoftware.com/wiki/Source_Multiplayer_Networking#Entity_interpolation}},
	note = {Accessed: 11.10.16}
}
@book{carmack,
	title = {John Carmack blog on Quake networking},
	note = {\url{fabiensanglard.net/quakeSource/johnc-log.aug.htm}},
	year = {Accessed 11.10.16},
	author = {John Carmack},
	publisher = {}
}
